% Encoding: UTF-8

% !TeX encoding = UTF-8


@techreport{elliott.1992,
  title = {Efficient {{Tests}} for an {{Autoregressive Unit Root}}},
  author = {Elliott, Graham and Rothenberg, Thomas and Stock, James},
  year = {1992},
  month = dec,
  number = {t0130},
  pages = {t0130},
  address = {Cambridge, MA},
  institution = {National Bureau of Economic Research},
  doi = {10.3386/t0130},
  urldate = {2024-11-18},
  langid = {english},
 
}

@techreport{Andre.2023,
author ={Andre, Peter and Haaland, Ingar and Roth, Christopher and Wohlfahrt, Johannes},
title = {Narratives about the Macroeconomy}, 
year = {2023},
type = {Working Paper},
}

@techreport{Eshima.2020,
  doi = {10.48550/ARXIV.2004.05964},
  url = {https://arxiv.org/abs/2004.05964},
  author = {Eshima, Shusei and Imai, Kosuke and Sasaki, Tomoya},
  keywords = {Computation and Language (cs.CL), Applications (stat.AP), Methodology (stat.ME), FOS: Computer and information sciences, FOS: Computer and information sciences},
  title = {Keyword Assisted Topic Models},
  publisher = {arXiv},
  type = {Working Paper},
  year = {2020},
  copyright = {arXiv.org perpetual, non-exclusive license}
}
